%%% dokumentacja
@misc{docker,
    title = {Docker - oficjalna dokumentacja},
    howpublished = {\url{https://docs.docker.com/}},
    note = "Dostęp: 2023-02-08"
}

@misc{dockerhub,
    title = {Docker {H}ub},
    howpublished = {\url{https://hub.docker.com}},
    note = "Dostęp: 2023-02-08"
}

@misc{kubernetes,
    title = {Kubernetes - oficjalna dokumentacja},
    howpublished = {\url{https://kubernetes.io/docs/home/}},
    note = "Dostęp: 2023-02-08"
}

@misc{vagrant,
    title = {Vagrant - oficjalna dokumentacja},
    howpublished = {\url{https://www.vagrantup.com/docs}},
    note = "Dostęp: 2023-02-08"
}

@misc{minikube,
    title = {Minikube - oficjalna strona internetowa},
    howpublished = {\url{https://minikube.sigs.k8s.io/}},
    note = "Dostęp: 2023-02-08"
}

@misc{microk8s,
    title = {Mikro{K}8s - oficjalna strona internetowa},
    howpublished = {\url{https://microk8s.io}},
    note = "Dostęp: 2023-02-08"
}

@misc{prometheus,
    title = {Prometheus - oficjalna strona},
    howpublished = {\url{https://prometheus.io}},
    note = "Dostęp: 2023-02-08"
}

@misc{grafana,
    title = {Grafana - oficjalna strona},
    howpublished = {\url{https://grafana.com/}},
    note = "Dostęp: 2023-02-08"
}

@misc{nodeexporterfull,
    title = {Node {E}xporter {F}ull - dashboard {G}rafany},
    howpublished = {\url{https://grafana.com/grafana/dashboards/1860-node-exporter-full/}},
    note = "Dostęp: 2023-02-08"
}

@misc{ansible,
    title = {Ansible - oficjalna strona},
    howpublished = {\url{https://www.ansible.com}},
    note = "Dostęp: 2023-02-08"
}

@misc{helm,
    title = {Helm - oficjalna strona},
    howpublished = {\url{https://helm.sh}},
    note = "Dostęp: 2023-02-08"
}

@misc{k6,
    title = {K6 - oficjalna strona},
    howpublished = {\url{https://k6.io}},
    note = "Dostęp: 2023-02-08"
}

@misc{yaml,
    title = {{YAML} - oficjalna strona internetowa},
    howpublished = {\url{https://yaml.org}},
    note = "Dostęp: 2023-02-08"
}

@misc{artifacthub,
    title = {Artifact {H}ub - oficjalna strona},
    howpublished = {\url{https://artifacthub.io}},
    note = "Dostęp: 2023-02-08"
}

@misc{kboom,
    title = {K{B}oom},
    howpublished = {\url{https://github.com/mhausenblas/kboom}},
    note = "Dostęp: 2023-02-08"
}

@misc{stress,
    title = {Kube-{S}tresscheck},
    howpublished = {\url{https://github.com/giantswarm/kube-stresscheck}},
    note = "Dostęp: 2023-02-08"
}

@misc{calico,
    title = {Calico - oficjalna strona},
    howpublished = {\url{https://www.tigera.io/project-calico/}},
    note = "Dostęp: 2023-02-08"

}
%%% linux / wirtualizacja

@misc{idkrtm,
    title = {History of {V}irtualization},
    author = {S. Conroy},
    howpublished = {\url{https://www.idkrtm.com/history-of-virtualization/}},
    year = {2018},
    note = "Dostęp: 2023-02-08"
}

@book{biblia_linux,
    author = {E. Nemeth{,} G. Snyder{,} T. R. Hein{,} B. Whaley{,} D. Mackin},
    year = {2018},
    title = {Unix i {L}inux. Przewodnik administratora systemów},
    publisher = {Wydawnictwo HELION}
}

@misc{ibm,
    author = {IBM {C}loud {E}ducation},
    title = {Virtualization},
    howpublished = {\url{https://www.ibm.com/cloud/learn/virtualization-a-complete-guide}},
    note = "Dostęp: 2023-02-08"
}

@misc{kvm,
    title = {{KVM} - oficjalna strona},
    howpublished = {\url{https://www.linux-kvm.org/}},
    note = "Dostęp: 2023-02-08"
}

@misc{qemu,
    title = {{QEMU} - oficjalna strona},
    howpublished = {\url{https://www.qemu.org/}},
    note = "Dostęp: 2023-02-08"
}

@misc{libvirt,
    title = {libvirt - oficjalna strona},
    howpublished = {\url{https://libvirt.org/}},
    note = "Dostęp: 2023-02-08"
}

%%% Docker / kontenery

@misc{freebsd,
    title = {Jails},
    howpublished = {\url{https://docs.freebsd.org/en/books/handbook/jails/}},
    note = "Dostęp: 2023-02-08"
}

@misc{cgroups,
    title = {Notes from a container},
    howpublished = {\url{https://lwn.net/Articles/256389/}},
    note = "Dostęp: 2023-02-08"
}

@misc{lxc,
    title = {Linux Containers},
    howpublished = {\url{https://linuxcontainers.org/}},
    note = "Dostęp: 2023-02-08"
}

@article{linuxjournal,
    title = {Docker: {L}ightweight {L}inux {C}ontainers for {C}onsistent {D}evelopment and {D}eployment},
    author={D. Merkel},
    journal={Linux Journal},
    volume={2014},
    number={239},
    pages={2},
    year={2014}
}

@misc{infoworld,
    title = {What is Docker? The spark for the container revolution},
    author = "S. Carey",
    howpublished = {\url{https://www.infoworld.com/article/3204171/what-is-docker-the-spark-for-the-container-revolution.html}},
    year = {2021},
    note = "Dostęp: 2023-02-08"
}
    
@book{poulton,
    author = {N. Poulton},
    year = {2020},
    title = {Docker {D}eep {D}ive},
    publisher = {Shroff/Poulton}
}

@book{nickoloff,
    author = {J. Nickoloff{,} S. Kuenzli},
    year = {2019},
    title = {Docker in {A}ction},
    publisher = {Manning Publications Co.}
}

@book{krochmalski,
    author = {J. Krochmalski},
    year = {2016},
    title = {Docker. {P}rojektowanie i wdrażanie aplikacji},
    publisher = {Wydawnictwo HELION}
}

%%% Kubernetes / orkiestracja

@book{arundel,
    author = {J. Arundel{,} J. Domingus},
    year = {2019},
    title = {Cloud {N}ative {D}ev{O}ps with {K}ubernetes},
    publisher = {O'{R}eilly {M}edia, {I}nc.}
}

@article{sensors,
    title = {Kubernetes {C}luster for {A}utomating {S}oftware {P}roduction {E}nvironment},
    author = {A. Poniszewska-Marańda{,} E. Czechowska},
    journal = {Sensors},
    year = {2021},
    volume = {21},
    number = {5},
    pages = {1910},
    howpublished = {\url{https://doi.org/10.3390/s21051910}},
}
